
% -- Supplemental material --
@article{supplemental_material, 
    title={Supplemental material.},
    DOI={10.5281/zenodo.4642704}, 
    publisher={Zenodo}, 
    author={Alexander Lalejini and Austin Ferguson},
    year={2021}, 
    month={Mar},
    note={{GitHub. https://github.com/amlalejini/evolutionary-consequences-of-plasticity}}
}

@misc{osf_data,
  title={Data for Evolutionary consequences of phenotypic plasticity},
  url={osf.io/sav2c},
  DOI={10.17605/OSF.IO/SAV2C},
  publisher={OSF},
  author={Lalejini, Alexander M and Ferguson, Austin J},
  year={2021},
  month={Mar},
  note={OSF. https://osf.io/sav2c}
}

% -- R --
@Manual{r_core_team_r_v4,
    title = {R: A Language and Environment for Statistical Computing},
    author = {{R Core Team}},
    organization = {R Foundation for Statistical Computing},
    address = {Vienna, Austria},
    year = {2021},
    url = {https://www.R-project.org/},
 }
 
 @Article{r_tidyverse_2019,
    title = {Welcome to the {tidyverse}},
    author = {Hadley Wickham and Mara Averick and Jennifer Bryan and Winston Chang and Lucy D'Agostino McGowan and Romain François and Garrett Grolemund and Alex Hayes and Lionel Henry and Jim Hester and Max Kuhn and Thomas Lin Pedersen and Evan Miller and Stephan Milton Bache and Kirill Müller and Jeroen Ooms and David Robinson and Dana Paige Seidel and Vitalie Spinu and Kohske Takahashi and Davis Vaughan and Claus Wilke and Kara Woo and Hiroaki Yutani},
    year = {2019},
    journal = {Journal of Open Source Software},
    volume = {4},
    number = {43},
    pages = {1686},
    doi = {10.21105/joss.01686},
}

@article{harrower_colorbrewerorg_2003,
	title = {{ColorBrewer}.org: {An} {Online} {Tool} for {Selecting} {Colour} {Schemes} for {Maps}},
	volume = {40},
	issn = {0008-7041, 1743-2774},
	shorttitle = {{ColorBrewer}.org},
	url = {http://www.tandfonline.com/doi/full/10.1179/000870403235002042},
	doi = {10.1179/000870403235002042},
	language = {english},
	number = {1},
	urldate = {2020-12-10},
	journal = {The Cartographic Journal},
	author = {Harrower, Mark and Brewer, Cynthia A.},
	month = jun,
	year = {2003},
	pages = {27--37},
}

@Manual{R-Brewer_2014,
    title = {RColorBrewer: ColorBrewer Palettes},
    author = {Erich Neuwirth},
    year = {2014},
    note = {R package version 1.1-2},
    url = {https://CRAN.R-project.org/package=RColorBrewer},
}

@Manual{R-cowplot,
    title = {cowplot: Streamlined Plot Theme and Plot Annotations for ggplot2},
    author = {Claus O. Wilke},
    year = {2020},
    note = {R package version 1.1.0},
    url = {https://wilkelab.org/cowplot/},
}

@Manual{R-ggplot2,
    title = {ggplot2: Create Elegant Data Visualisations Using the Grammar of Graphics},
    author = {Hadley Wickham and Winston Chang and Lionel Henry and Thomas Lin Pedersen and Kohske Takahashi and Claus Wilke and Kara Woo and Hiroaki Yutani and Dewey Dunnington},
    year = {2020},
    note = {R package version 3.3.2},
    url = {https://CRAN.R-project.org/package=ggplot2},
}

@Manual{R-fmsb,
    title = {fmsb: Functions for Medical Statistics Book with some Demographic Data},
    author = {Minato Nakazawa},
    year = {2019},
    note = {R package version 0.7.0},
    url = {https://CRAN.R-project.org/package=fmsb},
}

@Manual{R-Hmisc,
    title = {Hmisc: Harrell Miscellaneous},
    author = {Frank E {Harrell Jr} and with contributions from Charles Dupont and many others.},
    year = {2020},
    note = {R package version 4.4-2},
    url = {https://CRAN.R-project.org/package=Hmisc},
}

@Manual{R-boot,
    title = {boot: Bootstrap R (S-Plus) Functions},
    author = {Angelo Canty and B. D. Ripley},
    year = {2019},
    note = {R package version 1.3-23},
}

@Manual{R-bookdown,
  title = {bookdown: Authoring Books and Technical Documents with R Markdown},
  author = {Yihui Xie},
  year = {2020},
  note = {R package version 0.21},
  url = {https://CRAN.R-project.org/package=bookdown},
}

@Manual{rmarkdown,
    title = {rmarkdown: Dynamic Documents for R},
    author = {JJ Allaire and Yihui Xie and Jonathan McPherson and Javier Luraschi and Kevin Ushey and Aron Atkins and Hadley Wickham and Joe Cheng and Winston Chang and Richard Iannone},
    year = {2020},
    note = {R package version 2.6},
    url = {https://github.com/rstudio/rmarkdown},
}

@Manual{R-rstatix,
title = {rstatix: Pipe-Friendly Framework for Basic Statistical Tests},
author = {Alboukadel Kassambara},
year = {2021},
note = {R package version 0.7.0},
url = {https://CRAN.R-project.org/package=rstatix},
}

@Manual{R-ggsignif,
title = {ggsignif: Significance Brackets for 'ggplot2'},
author = {Constantin Ahlmann-Eltze and Indrajeet Patil},
year = {2021},
note = {R package version 0.6.1},
url = {https://CRAN.R-project.org/package=ggsignif},
}

@Manual{R-scales,
title = {scales: Scale Functions for Visualization},
author = {Hadley Wickham and Dana Seidel},
year = {2020},
note = {R package version 1.1.1},
url = {https://CRAN.R-project.org/package=scales},
}